@article{akaike1974,
	author = {Akaike, Hirotugu},
	journal = {Automatic Control, IEEE Transactions},
	number = {6},
	pages = {716--723},
	title = {{A new look at the statistical model identification}},
	volume = {19},
	year = {1974},
	doi = {10.1109/TAC.1974.1100705}
}

@article{asher2013strategic,
  title={Strategic conversation},
  author={Asher, Nicholas and Lascarides, Alex},
  journal={Semantics and Pragmatics},
  volume={6},
  pages={1-62},
  year={2013},
	doi = {10.3765/sp.6.2}
}

@incollection{vanderAuwera-neuckermans2004,
	author = {van der Auwera, Johan and Neuckermans, Annemie},
	booktitle = {{Dialectology meets typology. Dialect grammar from a cross-linguistic perspective}},
	editor = {Kortmann, Bernd},
	pages = {453--478},
	publisher = {Mouton de Gruyter},
	address = {Berlin},
	title = {{Jespersen's cycle and the interaction of predicate and quantifier negation}},
	year = {1997}
}

@book{benz-jager-van-rooij:2006,
	editor = {Benz, Anton and Jaeger, Gerhard and van Rooij, Robert},
	address = {New York, NY},
	publisher = {Palgrave Macmillan},
	title = {{Game Theory and Pragmatics}},
	year = {2006},
	doi = {10.1057/9780230285897}
}

@article{blume-etal:2001,
	author = {Blume, Andreas and DeJong, Douglas V and Kim, Yong-Gwan and Sprinkle, Geoffrey B},
	journal = {Games and Economic Behavior},
	number = {1},
	pages = {79--120},
	publisher = {Elsevier},
	title = {{Evolution of communication with partial common interest}},
	volume = {37},
	year = {2001},
	doi = {10.1006/game.2000.0830}
}

@article{borgers-sarin1997,
	author = {B{\"o}rgers, Tilman and Sarin, Rajiv},
	journal = {Journal of Economic Theory},
	number = {1},
	pages = {1--14},
	title = {{Learning through reinforcement and replicator dynamics}},
	volume = {77},
	year = {1997},
	doi = {10.1006/jeth.1997.2319}
}

@book{burnham2003,
  title={Model selection and multimodel inference: a practical information-theoretic approach},
  author={Burnham, Kenneth P and Anderson, David R},
  year={2003},
  publisher={Springer Science \& Business Media},
  address  = {New York, NY},
  doi = {10.1007/b97636}
}

@book{burridge1993,
  title={Syntactic change in Germanic: aspects of language change in {Germanic} with particular reference to {Middle Dutch}},
  author={Burridge, Kate},
  volume={89},
  year={1993},
  publisher={John Benjamins Publishing},
  address = {Philadelphia, PA}
}

@book{bush-mosteller1955,
	title={Stochastic models for learning},
	author={Bush, Robert and Mosteller, Frederick},
	year={1955},
	publisher={John Wiley \& Sons},
	address = {Oxford, England}
}

@article{crawford-sobel:1982,
	author = {Crawford, Vincent P and Sobel, Joel},
	journal = {Econometrica},
	pages = {1431--1451},
	title = {{Strategic information transmission}},
	year = {1982},
	doi = {10.2307/1913390}
}

@article{croft1991,
  title={The evolution of negation},
  author={Croft, William},
  journal={Journal of Linguistics},
  volume={27},
  number={01},
  pages={1-27},
  year={1991},
  doi={10.1017/S0022226700012391}
}

@article{dahl:1979,
	author = {Dahl, {{\"O}sten}},
	journal = {Linguistics},
	number = {1-2},
	pages = {79--106},
	title = {{Typology of Sentence Negation}},
	volume = {17},
	year = {1979},
	doi = {10.1515/ling.1979.17.1-2.79}
}

@inbook{dahl:2001,
	address = {Philadelphia, PA},
	author = {Dahl, {{\"O}sten}},
	booktitle = {{Frequency and the Emergence of Linguistic Structure}},
	pages = {471--480},
	publisher = {John Benjamins Publishing Company},
	title = {{Inflationary effects in language and elsewhere}},
	year = {2001}
}

@article{de-jaegher-van-rooij:2014,
	author = {{{De Jaegher}}, Kris and {van Rooij}, Robert},
	journal = {Erkenntnis},
	volume={79},
  	number={4},
  	pages={769--820},
  	year={2014},
	publisher = {Springer},
	title = {{Game-theoretic pragmatics under conflicting and common interests}},
	doi = {10.1007/s10670-013-9465-0}
}

@article{deo2015,
  title={The semantic and pragmatic underpinnings of grammaticalization paths: The progressive to imperfective shift},
  author={Deo, Ashwini},
  journal={Semantics and Pragmatics},
  volume={8},
  pages={1--52},
  year={2015},
	doi = {10.3765/sp.8.14}
}

@book{dessalles2007,
  title={Why we talk},
  author={Dessalles, Jean-Louis},
  year={2007},
  publisher={Oxford University Press},
	address={Oxford, UK}
}

@article{dessalles2014,
  title={Optimal investment in social signals},
  author={Dessalles, Jean-Louis},
  journal={Evolution},
  volume={68},
  number={6},
  pages={1640--1650},
  year={2014},
  publisher={Wiley Online Library},
	doi={10.1111/evo.12378}
}


@article{detges-waltereit2002,
	author = {Detges, Ulrich and Waltereit, Richard},
	journal = {Zeitschrift f{\"u}r Sprachwissenschaft},
	number = {2},
	pages = {151--195},
	title = {{Grammaticalization vs. reanalysis: A semantic-pragmatic account of functional change in grammar}},
	volume = {21},
	year = {2002}
}

@incollection{ecay-tamminga2015,
  title={Persistence as a diagnostic of grammatical status: The case of Middle English negation},
  author={Ecay, Aaron and Tamminga, Meredith},
  pages={11},
  booktitle={From Micro-change to Macro-change},
  editor={Truswell, Rob and Mathieu F},
  publisher={Oxford University Press},
  year={2015}
}

@book{eckardt2006,
	author = {Eckardt, Regine},
	publisher = {Oxford University Press},
	title = {{Meaning change in grammaticalization: an enquiry into semantic reanalysis}},
	year = {2006},
	address = {Oxford, UK}
}

@inproceedings{enke2016,
        author = {Enke, Dankmar and Muhlenbernd, Roland and Yanovich, Igor},
        booktitle = {The Evolution of Language: Proceedings of The Eleventh International Conference on the Evolution of Language},
	editor = {Roberts, Sean and Cuskley, Christine and McCrohon, Luke and  Barcelo-Coblijn, Lluis and Feher, Olga and Verhoef, Tessa},
        title = {The emergence of the progressive to imperfective diachronic cycle in reinforcement-learning agents},
        pages = {97-105},
	year = {2016},
	doi = {10.17617/2.2248195}
}

@article{farrell:1993,
	author = {Farrell, Joseph},
	journal = {Games and Economic Behavior},
	pages = {514--531},
	title = {{Meaning and Credibility in Cheap-Talk Games}},
	volume = {5},
	year = {1993},
	doi = {10.1006/game.1993.1029}
}

@article{fauconnier1975,
	author = {Fauconnier, Gilles},
	journal = {Linguistic inquiry},
	pages = {353--375},
	volume = {6},
	number = {3},
	title = {{Pragmatic scales and logical structure}},
	year = {1975},
	url = {http://www.jstor.org/stable/4177882}
}

@article{franke-etal:2012,
	author = {Franke, Michael and {de Jager}, Tikitu and {van Rooij}, Robert},
	journal = {Journal of Logic and Computation},
	number = {1},
	pages = {23--54},
	title = {{Relevance in Cooperation and Conflict}},
	volume = {22},
	year = {2012},
	doi = {10.1093/logcom/exp070}
}

@article{gardiner1904,
  title={The word},
  author={Gardiner, Alan H},
  journal={Zeitschrift f{\"u}r {\"A}gyptische Sprache},
  volume={41},
  number={JG},
  pages={130--135},
  year={1905},
	doi = {10.1524/zaes.1905.4142.jg.130}
}

@article{gintis2001,
  title={Costly signaling and cooperation},
  author={Gintis, Herbert and Smith, Eric Alden and Bowles, Samuel},
  journal={Journal of theoretical biology},
  volume={213},
  number={1},
  pages={103--119},
  year={2001},
  publisher={Elsevier},
	doi ={10.1006/jtbi.2001.2406}
}

@incollection{givon1978,
	author = {Giv{\'o}n, Talmy},
	booktitle = {{Syntax and Semantics, Volume 9: Pragmatics}},
	editor = {Cole, Peter},
	pages = {69--112},
	publisher = {Mouton de Gruyter},
	title = {{Negation in language}},
	year = {1978},
	address = {New York, NY}
}

@incollection{grice1975,
	author = {Grice, Herbert Paul},
	booktitle = {{Studies in the Way of Words}},
	pages = {22--40},
	publisher = {Harvard University Press},
	address = {Cambridge, MA},
	title = {{Logic and conversation}},
	year = {1975}
}

@article{hofbauer-huttegger2015,
  title={Selection-Mutation Dynamics of Signaling Games},
  author={Hofbauer, Josef and Huttegger, Simon M},
  journal={Games},
  volume={6},
  number={1},
  pages={2--31},
  year={2015},
  publisher={Multidisciplinary Digital Publishing Institute},
	doi = {10.3390/g6010002}
}

@book{hofbauer-sigmund1998,
  title={Evolutionary games and population dynamics},
  author={Hofbauer, Josef and Sigmund, Karl},
  year={1998},
  publisher={Cambridge University Press},
	address = {Cambridge, UK}
}

@book{hopper-traugottt2003,
	author = {Hopper, Paul J and Traugott, Elizabeth Closs},
	publisher = {Cambridge University Press},
	title = {{Grammaticalization}},
	year = {2003}
}

@book{horn:1989,
	author = {Horn, Laurence R},
	address = {Chicago, IL},
	publisher = {University of Chicago Press},
	title = {{A natural history of negation}},
	year = {1989}
}

@article{jager2011,
  title={Voronoi languages: Equilibria in cheap-talk games with high-dimensional types and few signals},
  author={J{\"a}ger, Gerhard and Metzger, Lars P and Riedel, Frank},
  journal={Games and economic behavior},
  volume={73},
  number={2},
  pages={517--537},
  year={2011},
  publisher={Elsevier},
	doi = {10.1016/j.geb.2011.03.008}
}

@book{jespersen:1917,
	author = {Jespersen, Otto},
	address = {Copenhagen},
	publisher = {H{\o}st},
	title = {{Negation in English and other Languages}},
	year = {1917},
	url = {https://archive.org/details/cu31924026632947}
}

@inproceedings{jones2016,
	author = {Jones, Taylor},
	editor = {Cho, Sunghye},
	title = {{`Eem' negation in AAVE: A next step in Jespersen's Cycle}},
	journal = {39th Annual Penn Linguistics Conference},
	volume = {22},
	issue = {1},
	pages = {159-166},
        series = {{Penn Working Papers in Linguistics}},
        booktitle = {{39th Annual Penn Linguistics Conference}},
	year = {2015},
	url = {http://repository.upenn.edu/pwpl/vol22/iss1/18/}
}

@article{jones2015toward,
  title={Toward a Description of {African American Vernacular English} Dialect Regions Using “Black Twitter”},
  author={Jones, Taylor},
  journal={American Speech},
  volume={90},
  number={4},
  pages={403--440},
  year={2015},
  publisher={Duke Univ Press},
	doi = {10.1215/00031283-3442117}
}

@inproceedings{kimura1955b,
  title={Stochastic processes and distribution of gene frequencies under natural selection},
  author={Kimura, Motoo},
  booktitle={Cold Spring Harbor Symposia on Quantitative Biology},
  volume={20},
  pages={33--53},
  year={1955},
  organization={Cold Spring Harbor Laboratory Press}
}


@article{kimura1955a,
  title={Solution of a process of random genetic drift with a continuous model},
  author={Kimura, Motoo},
  journal={Proceedings of the National Academy of Sciences of the United States of America},
  volume={41},
  number={3},
  pages={144},
  year={1955},
  publisher={National Academy of Sciences}
}

@article{kimura1968,
  title={Evolutionary rate at the molecular level},
  author={Kimura, Motoo},
  journal={Nature},
  volume={217},
  number={5129},
  pages={624--626},
  year={1968},
	doi = {10.1038/217624a0}
}

@inproceedings{kiparsky-condoravdi:2006,
	author = {Kiparsky, Paul and Condoravdi, Cleo},
	booktitle = {{ Proceedings of the 2nd International Conference of Modern Greek Dialects and Linguistic Theory}},
	editor = {Janse, Mark},
	address = {Mytilene},
	publisher = {Doukas},
	title = {{Tracking Jespersen's Cycle}},
	year = {2006},
	url = {https://web.stanford.edu/~kiparsky/Papers/lesvosnegation.pdf}
}

@article{krifka1995polarity,
	author = {Krifka, Manfred},
	journal = {Linguistic analysis},
	number = {3-4},
	pages = {209--257},
	title = {{The semantics and pragmatics of polarity items}},
	volume = {25},
	year = {1995}
}

@book{ppcme2,
	editor = {Kroch, Anthony and Taylor, Ann},
	school = {University of Pennsylvania},
	title = {{Penn-Helsinki Parsed Corpus of Middle English Second Edition}},
	publisher={University of Pennsylvania},
	year = {2000},
	url = {https://www.ling.upenn.edu/hist-corpora/}
}

@article{kroch1989,
	author = {Kroch, Anthony S},
	journal = {Language variation and change},
	number = {03},
	pages = {199--244},
	publisher = {Cambridge Univ Press},
	title = {{Reflexes of grammar in patterns of language change}},
	volume = {1},
	year = {1989},
	doi = {10.1017/S0954394500000168}
}

@article{kullback-leibler1951divergence,
	author = {Kullback, Solomon and Leibler, Richard A},
	journal = {The Annals of Mathematical Statistics},
	pages = {79--86},
	publisher = {JSTOR},
	title = {{On information and sufficiency}},
	year = {1951},
	url = {http://www.jstor.org/stable/2236703}
}

@inproceedings{ladusaw1993,
  title={Negation, indefinites, and the Jespersen Cycle},
  author={Ladusaw, William A},
  booktitle={Annual Meeting of the Berkeley Linguistics Society},
  volume={19},
  pages={437-46},
  year={1993},
	doi = {10.3765/bls.v19i1.1515}
}

@article{lewis1970,
	author = {Lewis, David},
	journal = {Synthese},
	number = {1},
	pages = {18--67},
	title = {{General semantics}},
	volume = {22},
	year = {1970},
	doi = {10.1007/BF00413598}
}

@book{lewis:1969,
	author = {Lewis, David},
	publisher = {Harvard University Press},
	address =  {Cambridg, MA},
	title = {{Convention}},
	year = {1969}
}


@article{martineau-mougeon2003,
  title={A sociolinguistic study of the origins of ne deletion in {European and Quebec French}},
  author={Martineau, France and Mougeon, Raymond},
  journal={Language},
  volume={79},
  number={1},
  pages={118--152},
  year={2003},
	url = {http://www.jstor.org/stable/4489387}
}

@book{maynard-smith1982,
	author = {{{Maynard Smith}}, John},
	publisher = {Cambridge University Press},
	address = {Cambridge, UK},
	title = {{Evolution and the Theory of Games}},
	year = {1982}
}

@article{meillet1912,
  title={L'{\'e}volution des formes grammaticales},
  author={Meillet, Antoine},
  year={1912},
	journal = {Scientia},
	volume = {6},
	number = {12},
	pages = {384}
}

@article{mesoudi2008multiple,
  title={The multiple roles of cultural transmission experiments in understanding human cultural evolution},
  author={Mesoudi, Alex and Whiten, Andrew},
  journal={Philosophical Transactions of the Royal Society of London B: Biological Sciences},
  volume={363},
  number={1509},
  pages={3489--3501},
  year={2008},
  publisher={The Royal Society},
	doi = {10.1098/rstb.2008.0129}
}

@inproceedings{moran1958,
  title={Random processes in genetics},
  author={Moran, Patrick Alfred Pierce},
  booktitle={Mathematical Proceedings of the {Cambridge Philosophical Society}},
  volume={54},
  number={01},
  pages={60--71},
  year={1958},
  organization={Cambridge University Press},
	doi = {10.1017/S0305004100033193}
}

@article{oechssler2002,
  title={On the dynamic foundation of evolutionary stability in continuous models},
  author={Oechssler, J{\"o}rg and Riedel, Frank},
  journal={Journal of Economic Theory},
  volume={107},
  number={2},
  pages={223--252},
  year={2002},
  publisher={Elsevier},
	doi = {10.1006/jeth.2001.2950}
}

@article{posner1985,
	author = {Posner, Rebecca},
	journal = {Romance Philology},
	number = {2},
	pages = {170--197},
	title = {{Post-verbal Negation in Non-Standard French, a Historical and Comparative View}},
	volume = {39},
	year = {1985}
}

@article{rooth1992,
	author = {Rooth, Mats},
	journal = {Natural language semantics},
	number = {1},
	pages = {75--116},
	publisher = {Springer},
	title = {{A theory of focus interpretation}},
	volume = {1},
	year = {1992},
	doi = {10.1007/BF02342617}
}

@article{schaden2012,
  title={Modelling the “Aoristic Drift of the Present Perfect” as Inflation An Essay in Historical Pragmatics},
  author={Schaden, Gerhard},
  journal={International Review of Pragmatics},
  volume={4},
  number={2},
  pages={261--292},
  year={2012},
  publisher={Brill},
	doi = {10.1163/18773109-00040207}
}

@article{schwegler1988,
  title={Word-order changes in predicate negation strategies in Romance languages},
  author={Schwegler, Armin},
  journal={Diachronica},
  volume={5},
  number={1-2},
  pages={21--58},
  year={1988},
	doi = {10.1075/dia.5.1-2.03sch}
}

@article{selten:1980,
	author = {Selten, Reinhard},
	journal = {Journal of Theoretical Biology},
	number = {1},
	pages = {93--101},
	publisher = {Elsevier},
	title = {{A note on evolutionarily stable strategies in asymmetric animal conflicts}},
	volume = {84},
	year = {1980},
	doi = {10.1016/S0022-5193(80)81038-1}
}

@book{skyrms:2010,
	author = {Skyrms, Brian},
	publisher = {Oxford University Press},
	address = {Oxford, UK},
	title = {{Signals: Evolution, learning, and information}},
	year = {2010}
}

@book{sutton-barto1998,
  title={Reinforcement learning: An introduction},
  author={Sutton, Richard S and Barto, Andrew G},
  year={1998},
  publisher={MIT press},
	address = {Cambridge, MA}

}

@article{taylor-jonker:1978,
	author = {Taylor, Peter D. and Jonker, Leo B.},
	journal = {Mathematical biosciences},
	number = {1},
	pages = {145--156},
	title = {{Evolutionary stable strategies and game dynamics}},
	volume = {40},
	year = {1978},
	doi = {10.1016/0025-5564(78)90077-9}
}

@article{trivers1971,
	author = {Trivers, Robert L.},
	journal = {Quarterly review of biology},
	pages = {35--57},
	publisher = {JSTOR},
	title = {{The evolution of reciprocal altruism}},
	year = {1971},
	url = {http://www.jstor.org/stable/2822435}
}

@incollection{vanderAuwera2009,
	author = {{van der Auwera}, Johan},
	booktitle = {{Cyclical Change}},
	editor = {{van Gelderen}, Elly},
	publisher = {John Benjamins Publishing Company},
	address = {Philadelphia, PA},
	title = {{The Jespersen Cycles}},
	year = {2009}
}

@article{wallage2008,
	author = {Wallage, Phillip},
	journal = {Lingua},
	number = {5},
	pages = {643--674},
	publisher = {Elsevier},
	title = {{Jespersen's cycle in Middle English: parametric variation and grammatical competition}},
	volume = {118},
	year = {2008},
	doi = {10.1016/j.lingua.2007.09.001}
}

@unpublished{yanovich2015,
  title={Analyzing Imperfective Games},
  author={Yanovich, Igor},
  note = {Unpublished Manuscript},
  year={2015},
	month = {July},
	url = {http://semanticsarchive.net/Archive/jAxYjUzY/}
}
