/Users/chris/Dropbox/texmf/bibtex/bib/ahern.bib